<record><leader>00000cas a22000007a 4500</leader><controlfield tag="001">14634634</controlfield><controlfield tag="008">861104d190719uutxuwr ne      0    0eng d</controlfield><datafield ind1=" " ind2=" " tag="010"><subfield code="a">sn 86089971 </subfield></datafield><datafield ind1=" " ind2=" " tag="040"><subfield code="a">PPM</subfield><subfield code="b">eng</subfield><subfield code="c">PPM</subfield><subfield code="d">OCLCQ</subfield></datafield><datafield ind1=" " ind2=" " tag="042"><subfield code="a">msc</subfield></datafield><datafield ind1="0" ind2="4" tag="245"><subfield code="a">The Nixon weekly news.</subfield></datafield><datafield ind1="1" ind2="3" tag="246"><subfield code="a">Nixon news</subfield></datafield><datafield ind1=" " ind2=" " tag="260"><subfield code="a">Nixon, Tex. :</subfield><subfield code="b">J.A. Weatherly</subfield></datafield><datafield ind1=" " ind2=" " tag="300"><subfield code="a">v. :</subfield><subfield code="b">ill. (chiefly advertisements)</subfield></datafield><datafield ind1=" " ind2=" " tag="310"><subfield code="a">Weekly</subfield></datafield><datafield ind1="1" ind2=" " tag="362"><subfield code="a">Began in 1907.</subfield></datafield><datafield ind1=" " ind2=" " tag="588"><subfield code="a">Description based on: Vol. 1, no. 11 (May 24, 1907).</subfield></datafield><datafield ind1=" " ind2=" " tag="752"><subfield code="a">United States</subfield><subfield code="b">Texas</subfield><subfield code="c">Gonzales</subfield><subfield code="d">Nixon.</subfield></datafield><datafield ind1="0" ind2="0" tag="785"><subfield code="t">Nixon news</subfield><subfield code="w">(DLC)sn 86089972</subfield></datafield></record>